@article{Kremer2006,
  title={Usher syndrome: molecular links of pathogenesis, proteins and pathways},
  author={Kremer, H., van Wijk, E., MÃ¤rker, T., Wolfrum, U., & Roepman, R.},
  year={2006},
  journal={Human molecular genetics},
  volume={15},
  pages={262-270}
}

@article{Sodergren2006,
  title={The genome of the sea urchin Strongylocentrotus purpuratus},
  author={Sodergren, Angerer, Angerer, Arnone, Burgess, Burke, Coffman},
  year={2006},
  journal={Science},
  volume={314},
  pages={941-952}
}

@article{Pena2016,
  title{Conserved expression of vertebrate microvillar gene homologs in choanocytes of freshwater sponges},
  author={Pena, Alie, Richter, Wang, Funayama, Nichols},
  year={2016},
  journal={EvoDevo},
  volume={7(1)}
}

