@article{Kremer2006,
	title={Usher syndrome: molecular links of pathogenesis, proteins and pathways},
	author={Kremer, H. and van Wijk, E. and Märker, T. and Wolfrum, U. and Roepman, R.},
	year={2006},
	journal={Human molecular genetics},
	volume={15},
	pages={262-270}
}

@article{Sodergren2006,
	title={The genome of the sea urchin Strongylocentrotus purpuratus},
	author={Sodergren, E. and Angerer, R.C. and Angerer, L.M. and Arnone, M.I. and Burgess, D.R. and Burke, R.D. and Coffman, J.A.},
	year={2006},
	journal={Science},
	volume={314},
	pages={941-952}
}

@article{Pena2016,
	title={Conserved expression of vertebrate microvillar gene homologs in choanocytes of freshwater sponges},
	author={Pena, J.F. and Alie, A. and Richter, D.J. and Wang, L. and Funayama, N. and Nichols, S.A.},
	year={2016},
	journal={EvoDevo},
	volume={7(1)}
}

@article{Altschul1990,
	title={Basic local alignment search tool},
	author={Altschul, S.F. and Gish, W. and Miller, W. and Myers, E.W. and Lipman, D.J.},
	year={1990},
	journal={Journal of Molecular Biology}
}

@article{Cock2009,
	title={Biopython: freely available Python tools for computational molecular biology and bioinformatics},
	author={Cock, P.J.A. and Antao, T. and Chang, J.T. and Chapman, B.A. and Cox, C.J. and Dalke, A. and Friedberg, I. and Hamelryck, T. and Kauff, F. and Wilczynski, B. and de Hoon, M.J.L.},
	year={2009},
	journal={Bioinformatics},
	volume={25}
}

@article{Benson2005,
	title={GenBank},
	author={Benson, D.A. and Karsch-Mizrachi, I. and Lipman, D.J. and Ostell, J. and Wheeler, D.L.},
	year={2004},
	journal={Nucleic Acids Research},
	volume={33}
}

@article{Fritzsch2014,
	title={Evolution of vertebrate mechanosensory hair cells and inner ears: toward identifying stimuli that select mutation driven altered morphologies},
	author={Fritzsch, B. and Straka, H.},
	year={2014},
	journal={Journal of Comparative Physiology A},
	volume={200},
	pages={5-18}
}

@incollection{Pearson2014,
	title={An Introduction to Sequence Similarity (“Homology”) Searching},
	author={Pearson, R.W.},
	year={2014},
	booktitle={Current Protocols in Bioinformatics},
	chapter={3.1}
}

@article{Stamatakis2014,
	title={RAxML version 8: a tool for phylogenetic analysis and post-analysis of large phylogenies},
	author={Stamatakis, A.},
	year={2014},
	journal={Bioinformatics},
	volume={30},
	pages={1312-1313}
}

@article{Edgar2004,
	title={MUSCLE: multiple sequence alignment with high accuracy and high throughput},
	author={Edgar, R. C.},
	year={2004},
	journal={Nucleic acids research},
	volume={32.5},
	pages={1792-1797}
}

@article{Paradis2004,
	title = {A{PE}: analyses of phylogenetics and evolution in {R} language},
	author = {Paradis, E. and Claude, J. and Strimmer, K.},
	journal = {Bioinformatics},
	year = {2004},
	volume = {20},
	pages = {289-290}
}

@article{Erwin2011,
	title={The Cambrian Conundrum: Early Divergence and Later Ecological Success in the Early History of Animals},
	author={Erwin, D. and Laflamme, M. and Tweedt, S. and Sperling, E. and Pisani, D. and Peterson, K.},
	journal={Science},
	year={2011},
	volume={334},
	pages={1091-1097}
}




